% =============KAMIL CYTOWANIE=============
@Article{Main,
author = {P. Chong and Y. Elovici and A. Binder},
title = {User Authentication Based on Mouse Dynamics Using Deep Neural Networks:
A Comprehensive Study},
journal = {IEEE Transactions on Information Forensics and Security},
year = {2020},
volume = {15},
pages = {1086--1101}
}

@Article{balabit1,
author = {M. {A}ntal and E. {E}gyed-Zsigmond},
title = {Intrusion Detection Using Mouse Dynamics},
journal = {IET Research Journals},
year = {2018},
pages = {1--10}
}